<record><leader>00000cas a2200000 a 4500</leader><controlfield tag="001">21369898</controlfield><controlfield tag="008">900413d18971897iluwr ne      0   a0eng c</controlfield><datafield ind1=" " ind2=" " tag="010"><subfield code="a">sn 90054468 </subfield></datafield><datafield ind1=" " ind2=" " tag="040"><subfield code="a">NVF</subfield><subfield code="b">eng</subfield><subfield code="c">NVF</subfield><subfield code="d">NVF</subfield></datafield><datafield ind1=" " ind2=" " tag="042"><subfield code="a">pcc</subfield></datafield><datafield ind1=" " ind2=" " tag="043"><subfield code="a">n-us-il</subfield></datafield><datafield ind1="0" ind2="4" tag="245"><subfield code="a">The Colfax reporter.</subfield></datafield><datafield ind1=" " ind2=" " tag="260"><subfield code="a">Colfax, Ill. :</subfield><subfield code="b">Hawk &amp; Davison,</subfield><subfield code="c">1897.</subfield></datafield><datafield ind1=" " ind2=" " tag="300"><subfield code="a">v.</subfield></datafield><datafield ind1=" " ind2=" " tag="310"><subfield code="a">Weekly</subfield></datafield><datafield ind1="1" ind2=" " tag="362"><subfield code="a">Began in 1897; ceased in Oct. 1897.</subfield></datafield><datafield ind1=" " ind2=" " tag="580"><subfield code="a">Merged with: Colfax leader, to form: Colfax press (Colfax, Ill. : 1897).</subfield></datafield><datafield ind1=" " ind2=" " tag="588"><subfield code="a">Latest issue consulted: Vol. 1, no. 22 (May 28, 1897).</subfield></datafield><datafield ind1=" " ind2=" " tag="588"><subfield code="a">Description based on: Vol. 1, no. 22 (May 28, 1897).</subfield></datafield><datafield ind1=" " ind2="1" tag="651"><subfield code="a">Colfax (Ill.)</subfield><subfield code="v">Newspapers.</subfield></datafield><datafield ind1=" " ind2=" " tag="752"><subfield code="a">United States</subfield><subfield code="b">Illinois</subfield><subfield code="c">McLean</subfield><subfield code="d">Colfax.</subfield></datafield><datafield ind1="1" ind2="7" tag="785"><subfield code="t">Colfax leader</subfield><subfield code="w">(DLC)sn 90054473</subfield><subfield code="w">(OCoLC)21369418</subfield></datafield><datafield ind1="1" ind2="7" tag="785"><subfield code="t">Colfax press (Colfax, Ill. : 1897)</subfield><subfield code="w">(DLC)sn 90054478</subfield><subfield code="w">(OCoLC)21369583</subfield></datafield><datafield ind1="1" ind2=" " tag="029"><subfield code="a">AU@</subfield><subfield code="b">000020587081</subfield></datafield></record>